<record><leader>00000cas a22000007a 4500</leader><controlfield tag="001">11948029</controlfield><controlfield tag="008">850422d18521853ohuwr ne      0    0eng d</controlfield><datafield ind1=" " ind2=" " tag="010"><subfield code="a">sn 85025849 </subfield></datafield><datafield ind1=" " ind2=" " tag="040"><subfield code="a">NPX</subfield><subfield code="b">eng</subfield><subfield code="c">NPX</subfield><subfield code="d">ONP</subfield><subfield code="d">OCLCQ</subfield></datafield><datafield ind1=" " ind2=" " tag="042"><subfield code="a">msc</subfield></datafield><datafield ind1="0" ind2="0" tag="245"><subfield code="a">Weekly Forest City.</subfield></datafield><datafield ind1=" " ind2=" " tag="260"><subfield code="a">Cleveland [Ohio] :</subfield><subfield code="b">J. Medill,</subfield><subfield code="c">1852-</subfield></datafield><datafield ind1=" " ind2=" " tag="300"><subfield code="a">v.</subfield></datafield><datafield ind1=" " ind2=" " tag="310"><subfield code="a">Weekly</subfield></datafield><datafield ind1="0" ind2=" " tag="362"><subfield code="a">Vol. 1, no. 1 (May 6, 1852)-</subfield></datafield><datafield ind1="1" ind2=" " tag="362"><subfield code="a">Ceased in Oct. 1853.</subfield><subfield code="z">Cf. Gutgesell, S. Guide to Ohio newspapers, 1974.</subfield></datafield><datafield ind1=" " ind2=" " tag="500"><subfield code="a">Editors: Joseph Medill, &lt;1852&gt;; Joseph Medill, J.C. Medill, &lt;1853&gt;.</subfield></datafield><datafield ind1=" " ind2=" " tag="500"><subfield code="a">Publishers: Joseph Medill, &lt;1852&gt;; J. &amp; J.C. Medill, &lt;1853&gt;.</subfield></datafield><datafield ind1=" " ind2=" " tag="500"><subfield code="a">Whig. Cf. Gutgesell, S. Guide to Ohio newspapers, 1974.</subfield></datafield><datafield ind1=" " ind2=" " tag="752"><subfield code="a">United States</subfield><subfield code="b">Ohio</subfield><subfield code="c">Cuyahoga</subfield><subfield code="d">Cleveland.</subfield></datafield><datafield ind1="0" ind2=" " tag="775"><subfield code="t">Daily Forest City</subfield><subfield code="w">(DLC)sn 83035141</subfield></datafield><datafield ind1="0" ind2="7" tag="785"><subfield code="t">Weekly true Democrat (Cleveland, Ohio : 1852)</subfield><subfield code="w">(DLC)sn 83035134</subfield></datafield><datafield ind1="0" ind2="7" tag="785"><subfield code="t">Weekly Forest City Democrat</subfield><subfield code="w">(DLC)sn 83035135</subfield></datafield><datafield ind1="1" ind2=" " tag="029"><subfield code="a">AU@</subfield><subfield code="b">000025824169</subfield></datafield></record>